@article{Lin1973,
	Author = {Shen Lin and Brian W. Kernighan},
	Journal = {Operations Research},
	Pages = {498--516},
	Title = {An Effective Heuristic Algorithm for the Travelling-Salesman Problem},
	Volume = {21},
	Year = {1973}}

@url{wiki:xxx,
	Author = {Wikipedia},
	Date-Modified = {2012-09-11 09:36:25 +0000},
	Note = {[Online; Stand 11. September 2012]},
	Title = {Nick Clegg --- Wikipedia{,} Die freie Enzyklopadie},
	Url = {\url{http://de.wikipedia.org/w/index.php?title=Nick_Clegg&oldid=105731841}},
	Year = {2012},
Bdsk-Url-1 = {http://de.wikipedia.org/w/index.php?title=Nick_Clegg&oldid=105731841}}